@article{author2019title,
  author  = {Author, A.},
  title   = {Title of the Article},
  journal = {Journal Name},
  year    = {2019}
}

@article{becker2018deep,
  title   = {Deep optimal stopping},
  author  = {Becker, S. and Cheridito, P. and Jentzen, A.},
  journal = {arXiv:1804.05394},
  year    = {2018},
  pages   = {18 pages}
}

@book{bellman1957dynamic,
  title     = {Dynamic Programming},
  author    = {Bellman, R. E.},
  publisher = {Princeton University Press},
  year      = {1957}
}

@book{bishop2006pattern,
  title     = {Pattern recognition and machine learning},
  author    = {Bishop, C. M.},
  series    = {Information Science and Statistics},
  publisher = {Springer, New York},
  year      = {2006}
}

@article{brennan1977valuation,
  title   = {The valuation of american put options},
  author  = {Brennan, M. J. and Schwartz, E. S.},
  journal = {The Journal of Finance},
  volume  = {32},
  number  = {2},
  year    = {1977},
  pages   = {449--462}
}

@article{brennan1978finite,
  title   = {Finite difference methods and jump processes arising in the pricing of contingent claims: A synthesis},
  author  = {Brennan, M. J. and Schwartz, E. S.},
  journal = {The Journal of Financial and Quantitative Analysis},
  volume  = {13},
  number  = {3},
  year    = {1978},
  pages   = {461--474}
}

@article{brenner2007mathematical,
  title     = {The mathematical theory of finite element methods},
  author    = {Brenner, S. and Scott, R.},
  volume    = {15},
  year      = {2007},
  publisher = {Springer Science \& Business Media}
}

@book{ciarlet2002basic,
  title  = {Basic error estimates for elliptic problems},
  author = {Ciarlet, P. G.},
  year   = {2002}
}


@article{cox2013local,
  title   = {Local Lipschitz continuity in the initial value and strong completeness for nonlinear stochastic differential equations},
  author  = {Cox, S. and Hutzenthaler, M. and Jentzen, A.},
  journal = {arXiv:1309.5595},
  year    = {2013},
  pages   = {84 pages}
}

@article{cox2016mild,
  title   = {On the mild It{\^o} formula in Banach spaces},
  author  = {Cox, Sonja and Jentzen, Arnulf and Kurniawan, Ryan and Pu{\v{s}}nik, Primo{\v{z}}},
  journal = {arXiv:1612.03210},
  year    = {2016},
  pages   = {27 pages},
  note    = {Accepted in Discrete Contin. Dyn. Syst. Ser. B}
}

@book{da2008stochastic,
  title     = {Stochastic Equations in Infinite Dimensions},
  author    = {Da Prato, G. and Zabczyk, J.},
  series    = {Encyclopedia of Mathematics and its Applications},
  publisher = {Cambridge University Press},
  year      = {2008}
}

@article{giles2008multilevel,
  title   = {Multilevel Monte Carlo path simulation},
  author  = {Giles, M. B.},
  journal = {Oper. Res.},
  volume  = {56},
  number  = {3},
  year    = {2008},
  pages   = {607--617}
}

@inproceedings{glorot2010understanding,
  title     = {Understanding the difficulty of training deep feedforward neural networks},
  author    = {Glorot, X. and Bengio, Y.},
  booktitle = {Proceedings of the thirteenth international conference on artificial intelligence and statistics},
  year      = {2010},
  pages     = {249--256}
}

@book{golub2013matrix,
  title     = {Matrix computations},
  author    = {Golub, G. H. and Van Loan, C. F.},
  edition   = {fourth},
  year      = {2013},
  publisher = {Johns Hopkins University Press}
}

@book{graham2013stochastic,
  title     = {Stochastic simulation and Monte Carlo methods},
  author    = {Graham, C. and Talay, D.},
  series    = {Stochastic Modelling and Applied Probability},
  publisher = {Springer},
  year      = {2013},
  note      = {Mathematical foundations of stochastic simulation}
}

@article{gyongy1998note,
  title   = {A note on Euler’s approximations},
  author  = {Gyöngy, I.},
  journal = {Potential Anal.},
  volume  = {8},
  number  = {3},
  year    = {1998},
  pages   = {205--216}
}

@article{hairer2015loss,
  title   = {Loss of regularity for Kolmogorov equations},
  author  = {Hairer, M. and Hutzenthaler, M. and Jentzen, A.},
  journal = {Ann. Probab.},
  volume  = {43},
  number  = {2},
  year    = {2015},
  pages   = {468--527}
}

@article{han2003fast,
  title   = {A fast numerical method for the black--scholes equation of american options},
  author  = {Han, H. and Wu, X.},
  journal = {SIAM Journal on Numerical Analysis},
  volume  = {41},
  number  = {6},
  year    = {2003},
  pages   = {2081--2095}
}

@article{han2017overcoming,
  title   = {Overcoming the curse of dimensionality: Solving high-dimensional partial differential equations using deep learning},
  author  = {Han, J. and Jentzen, A. and E, W.},
  journal = {arXiv:1707.02568},
  year    = {2017},
  pages   = {13 pages}
}

@article{hefter2018strong,
  title   = {Strong convergence rates for Cox-Ingersoll-Ross processes—full parameter range},
  author  = {Hefter, M. and Herzwurm, A.},
  journal = {J. Math. Anal. Appl.},
  volume  = {459},
  number  = {2},
  year    = {2018},
  pages   = {1079--1101}
}

@article{henry2018deep,
  title  = {Deep Primal-Dual Algorithm for BSDEs: Applications of Machine Learning to CVA and IM},
  author = {Henry-Labordere, P.},
  year   = {2018},
  pages  = {16 pages},
  note   = {Available at SSRN: https://ssrn.com/abstract=3071506}
}

@article{higham2001algorithmic,
  title   = {An Algorithmic Introduction to Numerical Simulation of Stochastic Differential Equations},
  author  = {Higham, D. J.},
  journal = {SIAM Review},
  volume  = {43},
  number  = {3},
  year    = {2001},
  pages   = {525--546}
}

@article{higham2002strong,
  title   = {Strong convergence of Euler-type methods for nonlinear stochastic differential equations},
  author  = {Higham, D. J. and Mao, X. and Stuart, A. M.},
  journal = {SIAM J. Numer. Anal.},
  volume  = {40},
  number  = {3},
  year    = {2002},
  pages   = {1041--1063}
}


@article{higham2011stochastic,
  title   = {Stochastic ordinary differential equations in applied and computational mathematics},
  author  = {Higham, D. J.},
  journal = {IMA journal of applied mathematics},
  volume  = {76},
  number  = {3},
  year    = {2011},
  pages   = {449--474}
}

@article{hofmann2000optimal,
  title   = {Optimal approximation of stochastic differential equations by adaptive step-size control},
  author  = {Hofmann, N. and Müller-Gronbach, T. and Ritter, K.},
  journal = {Math. Comp.},
  volume  = {69},
  number  = {231},
  year    = {2000},
  pages   = {1017--1034}
}

@article{hormander1967hypoelliptic,
  title   = {Hypoelliptic second order differential equations},
  author  = {Hörmander, L.},
  journal = {Acta Math.},
  volume  = {119},
  year    = {1967},
  pages   = {147--171}
}

@article{hutzenthaler2012strong,
  title   = {Strong convergence of an explicit numerical method for SDEs with nonglobally Lipschitz continuous coefficients},
  author  = {Hutzenthaler, M. and Jentzen, A. and Kloeden, P. E.},
  journal = {Ann. Appl. Probab.},
  volume  = {22},
  number  = {4},
  year    = {2012},
  pages   = {1611--1641}
}

@article{hutzenthaler2012strong,
  title   = {Strong convergence of an explicit numerical method for SDEs with nonglobally Lipschitz continuous coefficients},
  author  = {Hutzenthaler, M. and Jentzen, A. and Kloeden, P. E.},
  journal = {Ann. Appl. Probab.},
  volume  = {22},
  number  = {4},
  year    = {2012},
  pages   = {1611--1641}
}

@article{hutzenthaler2015numerical,
  title   = {Numerical approximations of stochastic differential equations with non-globally Lipschitz continuous coefficients},
  author  = {Hutzenthaler, M. and Jentzen, A.},
  journal = {Mem. Amer. Math. Soc.},
  volume  = {236},
  number  = {1112},
  year    = {2015},
  pages   = {v+99}
}

@article{hutzenthaler2016strong,
  title   = {Strong convergence of full-discrete nonlinearity-truncated accelerated exponential Euler-type approximations for stochastic Kuramoto-Sivashinsky equations},
  author  = {Hutzenthaler, Martin and Jentzen, Arnulf and Salimova, Diyora},
  journal = {arXiv:1604.02053},
  year    = {2016},
  pages   = {40 pages},
  note    = {Accepted in Comm. Math. Sci.}
}

@article{hutzenthaler2016strong,
  title   = {Strong convergence of full-discrete nonlinearity-truncated accelerated exponential Euler-type approximations for stochastic Kuramoto-Sivashinsky equations},
  author  = {Hutzenthaler, Martin and Jentzen, Arnulf and Salimova, Diyora},
  journal = {arXiv:1604.02053},
  year    = {2016},
  pages   = {40 pages},
  note    = {Accepted in Comm. Math. Sci.}
}

@article{hutzenthaler2018exponential,
  title   = {Exponential integrability properties of numerical approximation processes for nonlinear stochastic differential equations},
  author  = {Hutzenthaler, M. and Jentzen, A. and Wang, X.},
  journal = {Math. Comp.},
  volume  = {87},
  number  = {311},
  year    = {2018},
  pages   = {1353--1413}
}

@article{hutzenthaler2018exponential,
  title   = {Exponential integrability properties of numerical approximation processes for nonlinear stochastic differential equations},
  author  = {Hutzenthaler, M. and Jentzen, A. and Wang, X.},
  journal = {Math. Comp.},
  volume  = {87},
  number  = {311},
  year    = {2018},
  pages   = {1353--1413}
}

@article{ioffe2015batch,
  title   = {Batch normalization: Accelerating deep network training by reducing internal covariate shift},
  author  = {Ioffe, S. and Szegedy, C.},
  journal = {arXiv:1502.03167},
  year    = {2015},
  pages   = {11 pages}
}

@article{ioffe2015batch,
  title   = {Batch normalization: Accelerating deep network training by reducing internal covariate shift},
  author  = {Ioffe, S. and Szegedy, C.},
  journal = {arXiv:1502.03167},
  year    = {2015},
  pages   = {11 pages}
}

@article{jentzen2017asymptotic,
  title   = {Asymptotic Expansion as Prior Knowledge in Deep Learning Method for high dimensional BSDEs},
  author  = {Jentzen, A. and Fujii, M. and Takahashi, A. and Takahashi, M.},
  journal = {arXiv:1710.07030},
  year    = {2017},
  pages   = {16 pages}
}

@article{jentzen2017deep,
  title   = {Deep learning-based numerical methods for high-dimensional parabolic partial differential equations and backward stochastic differential equations},
  author  = {Jentzen, A. and E, W. and Han, J.},
  journal = {Communications in Mathematics and Statistics},
  year    = {2017},
  pages   = {349--380}
}

@article{jentzen2017deepritz,
  title   = {The Deep Ritz method: A deep learning-based numerical algorithm for solving variational problems},
  author  = {Jentzen, A. and E, W. and Yu, B.},
  journal = {arXiv:1710.00211},
  year    = {2017},
  pages   = {14 pages}
}

@article{jentzen2018strong,
  title  = {Strong Lp-error analysis for stochastic gradient descent optimization algorithms},
  author = {Jentzen, A. and Kuckuck, B. and Neufeld, A. and von Wurstemberger, P.},
  year   = {2018},
  pages  = {51 pages}
}

@article{jentzen2018strong,
  title  = {Strong Lp-error analysis for stochastic gradient descent optimization algorithms},
  author = {Jentzen, A. and Kuckuck, B. and Neufeld, A. and von Wurstemberger, P.},
  year   = {2018},
  pages  = {51 pages}
}

@inproceedings{kingma2015adam,
  title     = {Adam: A method for stochastic optimization},
  author    = {Kingma, D. and Ba, J.},
  booktitle = {Proceedings of the International Conference on Learning Representations (ICLR)},
  year      = {2015}
}

@inproceedings{kingma2015adam,
  title     = {Adam: A method for stochastic optimization},
  author    = {Kingma, D. and Ba, J.},
  booktitle = {Proceedings of the International Conference on Learning Representations (ICLR)},
  year      = {2015}
}

@book{klenke2014probability,
  title     = {Probability theory},
  author    = {Klenke, A.},
  edition   = {second},
  year      = {2014},
  publisher = {Springer, London}
}

@book{kloeden1992numerical,
  title     = {Numerical solution of stochastic differential equations},
  author    = {Kloeden, P. E. and Platen, E.},
  volume    = {23},
  year      = {1992},
  publisher = {Springer-Verlag, Berlin}
}

@article{kloeden2002systematic,
  title   = {The systematic derivation of higher order numerical schemes for stochastic differential equations},
  author  = {Kloeden, P. E.},
  journal = {Milan J. Math.},
  volume  = {70},
  year    = {2002},
  pages   = {187--207}
}

@book{kloeden2012numerical,
  title     = {Numerical solution of SDE through computer experiments},
  author    = {Kloeden, P. E. and Platen, E. and Schurz, H.},
  year      = {2012},
  publisher = {Springer Science \& Business Media}
}

@article{kushner1976finite,
  title   = {Finite difference methods for the weak solutions of the Kolmogorov equations for the density of both diffusion and conditional diffusion processes},
  author  = {Kushner, H.},
  journal = {Journal of Mathematical Analysis and Applications},
  volume  = {53},
  number  = {2},
  year    = {1976},
  pages   = {251--265}
}


@article{maruyama1955continuous,
  title   = {Continuous Markov processes and stochastic equations},
  author  = {Maruyama, G.},
  journal = {Rend. Circ. Mat. Palermo (2)},
  volume  = {4},
  year    = {1955},
  pages   = {48--90}
}

@article{milstein1974approximate,
  title   = {Approximate integration of stochastic differential equations},
  author  = {Milstein, G. N.},
  journal = {Teor. Verojatnost. i Primenen.},
  volume  = {19},
  year    = {1974},
  pages   = {583--588}
}

@book{milstein1995numerical,
  title     = {Numerical integration of stochastic differential equations},
  author    = {Milstein, G. N.},
  volume    = {313},
  year      = {1995},
  publisher = {Kluwer Academic Publishers Group, Dordrecht}
}

@book{milstein2004stochastic,
  title     = {Stochastic numerics for mathematical physics},
  author    = {Milstein, G. N. and Tretyakov, M. V.},
  year      = {2004},
  publisher = {Springer-Verlag, Berlin}
}

@article{milstein2005numerical,
  title   = {Numerical Integration of Stochastic Differential Equations with Nonglobally Lipschitz Coefficients},
  author  = {Milstein, G. N. and Tretyakov, M. V.},
  journal = {SIAM Journal on Numerical Analysis},
  volume  = {43},
  number  = {3},
  year    = {2005},
  pages   = {1139--1154}
}

@article{muellergronbach2000optimal,
  title   = {Optimal approximation of stochastic differential equations by adaptive step-size control},
  author  = {Müller-Gronbach, T. and Ritter, K.},
  journal = {Math. Comp.},
  volume  = {69},
  number  = {231},
  year    = {2000},
  pages   = {1017--1034}
}


@book{oksen1996stochastic,
  title     = {Stochastic differential equations},
  author    = {Øksendal, B.},
  edition   = {sixth},
  year      = {2003},
  publisher = {Springer-Verlag, Berlin}
}

@article{raissi2018forward,
  title   = {Forward-backward stochastic neural networks: Deep learning of high-dimensional partial differential equations},
  author  = {Raissi, M.},
  journal = {arXiv:1804.07010},
  year    = {2018}
}

@book{rossler2009runge,
  title     = {Runge-Kutta Methods for the Strong Approximation of Solutions of Stochastic Differential Equations},
  author    = {Roßler, A.},
  year      = {2009},
  publisher = {Shaker, Aachen}
}

@article{ruder2016overview,
  title   = {An overview of gradient descent optimization algorithms},
  author  = {Ruder, S.},
  journal = {arXiv:1609.04747},
  year    = {2016},
  pages   = {14 pages}
}

@article{sabanis2013note,
  title   = {A note on tamed Euler approximations},
  author  = {Sabanis, S.},
  journal = {Electron. Commun. Probab.},
  volume  = {18},
  year    = {2013},
  number  = {47},
  pages   = {10}
}


@article{sabanis2016euler,
  title   = {Euler approximations with varying coefficients: the case of superlinearly growing diffusion coefficients},
  author  = {Sabanis, S.},
  journal = {Ann. Appl. Probab.},
  volume  = {26},
  number  = {4},
  year    = {2016},
  pages   = {2083--2105}
}

@article{schwartz1977valuation,
  title   = {The valuation of warrants: Implementing a new approach},
  author  = {Schwartz, E. S.},
  journal = {Journal of Financial Economics},
  volume  = {4},
  number  = {1},
  year    = {1977},
  pages   = {79--93}
}

@article{sirignano2017dgm,
  title   = {DGM: A deep learning algorithm for solving partial differential equations},
  author  = {Sirignano, J. and Spiliopoulos, K.},
  journal = {arXiv:1708.07469},
  year    = {2017},
  pages   = {16 pages}
}

@article{zhao2007compact,
  title   = {Compact finite difference method for american option pricing},
  author  = {Zhao, J. and Davison, M. and Corless, R. M.},
  journal = {Journal of Computational and Applied Mathematics},
  volume  = {206},
  number  = {1},
  year    = {2007},
  pages   = {306--321}
}

@book{zienkiewicz1977finite,
  title     = {The finite element method},
  author    = {Zienkiewicz, O. C. and Taylor, R. L.},
  volume    = {3},
  year      = {1977},
  publisher = {McGraw-hill London}
}
